@article{gunaydin_natural_2014,
	title = {Natural {Neural} {Projection} {Dynamics} {Underlying} {Social} {Behavior}},
	volume = {157},
	issn = {0092-8674, 1097-4172},
	url = {https://www.cell.com/cell/abstract/S0092-8674(14)00659-X},
	doi = {10.1016/j.cell.2014.05.017},
	language = {English},
	number = {7},
	urldate = {2020-12-07},
	journal = {Cell},
	author = {Gunaydin, Lisa A. and Grosenick, Logan and Finkelstein, Joel C. and Kauvar, Isaac V. and Fenno, Lief E. and Adhikari, Avishek and Lammel, Stephan and Mirzabekov, Julie J. and Airan, Raag D. and Zalocusky, Kelly A. and Tye, Kay M. and Anikeeva, Polina and Malenka, Robert C. and Deisseroth, Karl},
	month = jun,
	year = {2014},
	pmid = {24949967},
	note = {Publisher: Elsevier},
	pages = {1535--1551},
}

@misc{borchers_pracma_2019,
	title = {pracma: {Practical} {Numerical} {Math} {Functions}},
	copyright = {GPL (â‰¥ 3)},
	shorttitle = {pracma},
	url = {https://CRAN.R-project.org/package=pracma},
	abstract = {Provides a large number of functions from numerical analysis and linear algebra, numerical optimization, differential equations, time series, plus some well-known special mathematical functions. Uses 'MATLAB' function names where appropriate to simplify porting.},
	urldate = {2020-12-07},
	author = {Borchers, Hans W.},
	month = dec,
	year = {2019},
	keywords = {DifferentialEquations, NumericalMathematics},
}

@online{ucla_smoothing,
	title = {How can {I} explore different smooths in ggplot2? {R} {FAQ}},
	author = {UCLA Statistical Consulting Group},
	year = {2016},
	url = {https://stats.idre.ucla.edu/r/faq/how-can-i-explore-different-smooths-in-ggplot2/},
	urldate = {2020-11-29},
}

@article{wood_smoothing_2016,
	title = {Smoothing {Parameter} and {Model} {Selection} for {General} {Smooth} {Models}},
	volume = {111},
	issn = {0162-1459, 1537-274X},
	url = {https://www.tandfonline.com/doi/full/10.1080/01621459.2016.1180986},
	doi = {10.1080/01621459.2016.1180986},
	language = {en},
	number = {516},
	urldate = {2020-11-30},
	journal = {Journal of the American Statistical Association},
	author = {Wood, Simon N. and Pya, Natalya and Safken, Benjamin},
	month = oct,
	year = {2016},
	pages = {1548--1563},
}

@misc{root_fiber_2018,
	title = {Fiber {Photometry} {Epoch} {Averaging} {Example}},
	url = {https://www.tdt.com/support/matlab-sdk/offline-analysis-examples/fiber-photometry-epoch-averaging-example/},
	language = {en},
	urldate = {2020-12-07},
	journal = {Fiber Photometry Epoch Averaging Example},
	author = {Root, David H.},
	year = {2018},
}

